<?xml version="1.0" encoding="UTF-8"?><collection xmlns="http://www.loc.gov/MARC21/slim"><record><leader>00291nam--2200097-i-4500</leader><controlfield tag="001">000046739</controlfield><controlfield tag="002">20161230</controlfield><controlfield tag="005">20161230201046</controlfield><controlfield tag="008">060222s1000------------r-----000-0-eng-d</controlfield><datafield ind1=" " ind2=" " tag="100"><subfield code="a">Wagner, D</subfield></datafield><datafield ind1=" " ind2=" " tag="245"><subfield code="a">Uber den energieverlust von elektronen in einem metallischen elektronenplasma unter berucksichtigug</subfield></datafield></record></collection>